@Misc{UNIBOL:MCU-98,
	author = "Universidad de Bolonia",
	title = "Magna Charta Universitatum",
	organization ="Universidad de Bolonia",
	month = "Septiembre",
	year = "1988",
  howpublished = "\url{http://www.magna-charta.org/pdf/mc\_pdf/mc\_spanish.pdf}"
}

@Misc{MCO:WEB,
	author = "The Magna Charta Observatory of Fundamental University Values and Rights",
	organization ="The Magna Charta Observatory of Fundamental University Values and Rights",
  howpublished = "\url{http://www.magna-charta.org/home.html}"
}

@Misc{MINEDU-EEES:WEB,
	author = "Ministerio de Educación",
	organization ="Ministerio de Educación",
  howpublished = "\url{http://www.educacion.es/espacio-europeo-educacion-superior.html}"
}

@Misc{MINEDU-BOL:WEB,
	author = "Ministerio de Educación",
	organization ="Ministerio de Educación",
  howpublished = "\url{http://www.educacion.es/boloniaeees/inicio.html}"
}

@Misc{MINEDU-QEBOL:WEB,
	author = "Ministerio de Educación",
	organization ="Ministerio de Educación",
  howpublished = "\url{http://www.queesbolonia.es/queesbolonia/inicio.html}"
}

@Misc{EEES:WEB,
	author = "EEES",
	organizarion = "EEES",
	howpublished = "\url{http://www.eees.es/}"
}

@Booklet{UNISOR:DS-98,
	author = "Claude Allègre and Luigi Berlinguer and Tessa Blackstone and Jürgen Ruettgers",
	title = "Declaración de La Sorbona",
	organization = "Universidad de la Sorbona",
	month = "Mayo",
	year = "1998",
	howpublished = "\url{http://www.unef.fr/delia-CMS/index/article\_id-1773/topic\_id-132,159,163/declaration-de-la-sorbonne-25-051998.html}"
}

@Booklet{UNIBOL:DB-99,
	title = "Declaración de Bolonia",
	organization = "The European Higher Education Area",
	month = "Junio",
	year = "1999",
	howpublished = "\url{http://www.educacion.es/dctm/mepsyd/educacion/universidades/educacion-superior-universitaria/espacio-europeo-educacion-superior-eees/proceso-bolonia/declaracionbolonia.pdf?documentId=0901e72b800486ef}"
}

@Booklet{EHEA:BV-10,
	title = "Declaración de Budapest-Vienna",
	organization = "The European Higher Education Area",
	month = "Marzo",
	year = "2010",
	howpublished = "\url{http://www.ond.vlaanderen.be/hogeronderwijs/bologna/2010\_conference/documents/Budapest-Vienna\_Declaration.pdf}"
}

@Article{GRUBER:93,
	author = "T.R. Gruber",
	title = "A translation approach to portable ontologies",
	year = "1993",
	howpublished = "\url{http://ksl-web.stanford.edu/KSL\_Abstracts/KSL-92-71.html}"
}

@Misc{STANFOR-WIAO:WEB,
	author = "Tom Gruber",
	organization ="Stanford University",
  howpublished = "\url{http://www-ksl.stanford.edu/kst/what-is-an-ontology.html}"
}

@Inbook{ELILES-REDIRIS,
	author = "M. Chantal Pérez Hernández",
	title = "Explotación de los córpora textuales informatizados para la creación de bases de datos terminológicas basadas en el conocimiento",
	chapter = "5.3.1",
	editor = "REDIRIS",
	howpublished = "\url{http://elies.rediris.es/elies18/531.html}"
}

@Inbook{WEIGAND:97,
	author = "H. Weigand",
	title = "Multilingual Ontology-Based Lexicon for News Filtering - The TREVI Project", 
	year = "1997",
	pages = "138-159"
}
	
@Misc{W3C-OWL:WEB,
	author = "W3C",
	organization ="The World Wide Web Consortium",
  howpublished = "\url{http://www.w3.org/TR/owl-guide/}"
}

@Misc{Stanford-Protege:WEB,
	author = "Stanford Center for Biomedical Informatics Research",
	organization ="Stanford University School of Medicine",
  howpublished = "\url{http://protege.stanford.edu/}"
}

@Misc{Stanford-BMIR:WEB,
	author = "Stanford Center for Biomedical Informatics Research",
	organization ="Stanford University School of Medicine",
  howpublished = "\url{http://bmir.stanford.edu/}"
}

@Misc{Stanford-MED:WEB,
	author = "Stanford School of Medicine",
	organization ="Stanford University School of Medicine",
  howpublished = "\url{http://med.stanford.edu/}"
}

@Misc{Stanford-OWL_Lint:WEB,
	author = "Stanford Center for Biomedical Informatics Research",
	organization ="Stanford University School of Medicine",  howpublished = "\url{http://protegewiki.stanford.edu/index.php/OWL_Lint}"
}

@Misc{Stanford-OETV:WEB,
	author = "Stanford Center for Biomedical Informatics Research",
	organization ="Stanford University School of Medicine",  howpublished = "\url{http://protegewiki.stanford.edu/index.php/Outline_and_Existential_Tree_Views}"
}

@Misc{Stanford-CV:WEB,
	author = "Stanford Center for Biomedical Informatics Research",
	organization ="Stanford University School of Medicine",  howpublished = "\url{http://protegewiki.stanford.edu/index.php/Cloud_Views}"
}

@Misc{UniManchester-OB:WEB,
	author = "The University of Manchester",
	organization ="Joint Informacion Systems Commitee",  howpublished = "\url{http://code.google.com/p/ontology-browser}"
}

@Misc{Stanford-OWLDoc:WEB,
	author = "Stanford Center for Biomedical Informatics Research",
	organization ="Stanford University School of Medicine",  howpublished = "\url{http://protegewiki.stanford.edu/index.php/OWLDoc}"
}

@Misc{Stanford-OWL2UML:WEB,
	author = "Stanford Center for Biomedical Informatics Research",
	organization ="Stanford University School of Medicine",  howpublished = "\url{http://protegewiki.stanford.edu/index.php/OWL2UML}"
}

@Unpublished{FIUPM-MemoAneca,
	author = "Facultad de Informática",
	organization = "Univarsidad Politécnica de Madrid",
	title = "Graduado/a en Ingeniería Informática por la universidad politécnica de Madrid"
}